@inproceedings{Kavoussanakis2013,
  title={BonFIRE: the Clouds and Services Testbed},
  author={Kavoussanakis, Konstantinos and Hume, Alastair and Martrat, Josep and Ragusa, Carmelo and Gienger, Michael and Campowsky, Konrad and Van Seghbroeck, Gregory and V{\'a}zquez, Constantino and Velayos, Celia and Gittler, Fr{\'e}d{\'e}ric and others},
  booktitle={5th IEEE International Conference on Cloud Computing Technology and Science, Cloudcom},
  year={2013}
}

@incollection{Harsh2011,
  title={Contrail virtual execution platform challenges in being part of a cloud federation},
  author={Harsh, Piyush and Jegou, Yvon and Cascella, Roberto G. and Morin, Christine},
  booktitle={Towards a Service-Based Internet},
  pages={50--61},
  year={2011},
  publisher={Springer}
}

@inproceedings{Mendez2013,
  title={e-Clouds: Scientific Computing as a Service},
  author={Mendez, David and Villamiazr, Mario and Castro, Harold},
  booktitle={Complex, Intelligent, and Software Intensive Systems (CISIS), 2013 Seventh International Conference on},
  pages={481--486},
  year={2013},
  organization={IEEE}
}

@article{Geer2004,
	title={Open mass spectrometry search algorithm},
	author={L. Y. Geer and
		S. P. Markey and
		J. A. Kowalak and
		L. Wagner and
		M. Xuand
		D. M. Maynard and
		X. Yang and 
		W. Shi and
		S. H. Bryant},
	journal={J Proteome Res.},
	year=2004,
	month={Sep-Oct},
	volume=3,
	number=5,
	pages={958--964},
}

@inproceedings{Michon2013,
	title={Porting Grid applications to the Cloud with Schlouder},
	author={Michon, Etienne and Gossa, Julien and Genaud, St{\'e}phane and Frincu, Marc and Burel, Alexandre},
	booktitle={CloudCom-5th IEEE International Conference on Cloud Computing Technology and Science},
	year={2013}
}

@article{Michon2017,
	author    = {Etienne Michon and
		Julien Gossa and
			St{\'{e}}phane Genaud and
			L{\'{e}}o Unbekandt and
			Vincent Kherbache},
	title     = {Schlouder: {A} broker for IaaS clouds},
	journal   = {Future Generation Comp. Syst.},
	volume    = {69},
	pages     = {11--23},
	year      = {2017},
	url       = {http://dx.doi.org/10.1016/j.future.2016.09.010},
	doi       = {10.1016/j.future.2016.09.010},
	timestamp = {Mon, 16 Jan 2017 13:54:14 +0100},
	biburl    = {http://dblp.uni-trier.de/rec/bib/journals/fgcs/MichonGGUK17},
	bibsource = {dblp computer science bibliography, http://dblp.org}
}

@online{2mass:Online,
	author = {IPAC},
	title = {Two Micron All Sky Survey},
	url = {http://www.ipac.caltech.edu/2mass/},
	note = {(accessed August 13rd 2014)},
}

@inproceedings{YooJG03,
	author    = {Andy B. Yoo and
	           Morris A. Jette and
	           Mark Grondona},
	title     = {SLURM: Simple Linux Utility for Resource Management},
	booktitle = {JSSPP},
	year      = {2003},
	pages     = {44-60},
}

@online{munge:Online,
	title = {MUNGE Uid 'N' Gid Emporium},
	url = {https://code.google.com/p/munge/},
	note = {(accessed August 13rd 2014)},
}

@online{openstack:Online,
	title = {OpenStack cloud software},
	url = {http://www.openstack.org/},
	note = {(accessed August 13rd 2014)},
}

@online{occi:Online,
	title = {Open Cloud Computing Interface},
	url = {http://occi-wg.org/},
	note = {(accessed August 13rd 2014)},
}

@article{Vecchiola2009,
	title={Aneka: a software platform for .NET-based cloud computing},
	author={Vecchiola, Christian and Chu, Xingchen and Buyya, Rajkumar},
	journal={High Speed and Large Scale Scientific Computing},
	pages={267--295},
	year={2009},
	publisher={IOS Press, Amsterdam, Netherlands}
}

@inproceedings{Tejedor2011,
	title={A cloud-unaware programming model for easy development of composite services},
	author={Tejedor, Enric and Ejarque, Jorge and Lordan, Francesc and Rafanell, Roger and Alvarez, Javier and Lezzi, Daniele and Sirvent, Ra{\"u}l and Badia, Rosa M},
	booktitle={Cloud Computing Technology and Science (CloudCom)},
	pages={375--382},
	year={2011},
	publisher={IEEE}
}

@article{Petcu2013,
	title={Experiences in building a mOSAIC of clouds},
	author={Petcu, Dana and Di Martino, Beniamino and Venticinque, Salvatore and Rak, Massimiliano and M{\'a}hr, Tam{\'a}s and Lopez, Gorka Esnal and Brito, Fabrice and Cossu, Roberto and Stopar, Miha and Stankovski, Vlado and others},
	journal={Journal of Cloud Computing: Advances, Systems and Applications},
	volume={2},
	number={1},
	pages={12},
	year={2013},
	publisher={Springer}
}

@inproceedings{MaoH12,
	author    = {Ming Mao and
	             Marty Humphrey},
	title     = {A Performance Study on the VM Startup Time in the Cloud},
	booktitle = {5th International Conference on Cloud Computing (CLOUD)},
	year      = {2012},
	pages     = {423-430},
	publisher = {IEEE}, 
	ee        = {http://doi.ieeecomputersociety.org/10.1109/CLOUD.2012.103},
	bibsource = {DBLP, http://dblp.uni-trier.de}
}

@inproceedings{Genaud2011,
	author = {St√©phane Genaud and Julien Gossa},
	title = {Cost-wait Trade-offs in Client-side Resource Provisioning with Elastic Clouds},
	location = {Washington {DC,} {USA}},
	booktitle = {4th International Conference on Cloud Computing (CLOUD)},
	publisher = {{IEEE}},
	month = jul,
	year = 2011,
}

@inproceedings{Michon2012,
	title={Free elasticity and free CPU power for scientific workloads on IaaS Clouds},
	author={Michon, Etienne and Gossa, Julien and Genaud, St{\'e}phane},
	booktitle={18th International Conference on Parallel and Distributed Systems (ICPADS)},
	pages={85--92},
	year={2012},
	organization={IEEE}
}

@inproceedings{simgrid08,
	author =    {Casanova, Henri and Legrand, Arnaud and Quinson, Martin},
	title =     {SimGrid: a Generic Framework for Large-Scale Distributed Experiments},
	booktitle = {10th IEEE International Conference on Computer Modeling and Simulation},
	year =       2008,
	month =      mar,
}

@article{montage2009,
  title={Montage: a grid portal and software toolkit for science-grade astronomical image mosaicking},
  author={Jacob, Joseph C and Katz, Daniel S and Berriman, G Bruce and Good, John C and Laity, Anastasia and Deelman, Ewa and Kesselman, Carl and Singh, Gurmeet and Su, Mei-Hui and Prince, Thomas and others},
  journal={International Journal of Computational Science and Engineering},
  volume={4},
  number={2},
  pages={73--87},
  year={2009},
  publisher={Inderscience}
}

@article{Montero2011,
	title = {An elasticity model for High Throughput Computing clusters},
	volume = {71},
	issn = {0743-7315},
	lccn = {0021},
	shorttitle = {Special Issue on Cloud Computing},
	doi = {10.1016/j.jpdc.2010.05.005},
	number = {6},
	urldate = {2012-11-18},
	journal = {Journal of Parallel and Distributed Computing},
	author = {Montero, Ruben S. and Moreno-Vozmediano, Rafael and Llorente, Ignacio M.},
	month = jun,
	year = {2011},
	keywords = {cloud computing, cluster computing, High Throughput Computing, virtual machines},
	pages = {750--757},
}

@inproceedings{Song2012,
	title = {{IdleCached:} An Idle Resource Cached Dynamic Scheduling Algorithm in Cloud Computing},
	shorttitle = {{IdleCached}},
	booktitle = {9th UIC and ATC},
	author = {Song, Hu and Li, Jing and Liu, Xinchun},
	month = sep,
	year = {2012},
	pages = {912 --917},
}

@inproceedings{Villegas2012,
	title={An Analysis of Provisioning and Allocation Policies for Infrastructure-as-a-Service Clouds},
	author={Villegas, D. and Antoniou, A. and Sadjadi, S.M. and Iosup, A.},
	booktitle={CCGrid},
	pages={612--619},
	year={2012},
	organization={IEEE}
}

@inbook{Coffman97,
	address = {Boston, MA, USA},
	author = {Coffman, Edward G. and Garey, M. R. and Johnson, David S.},
	isbn = {0-534-94968-1},
	keywords = {bin, packing, survey},
	pages = {46--93},
	publisher = {PWS Publishing Co.},
	title = {{Approximation algorithms for bin packing: a survey}},
	url = {http://www2.research.att.com/~dsj/papers/BPchapter.ps},
	year = {1997}
}

@inproceedings{Deelman-Montage08,
	author={Deelman, E. and Singh, G. and Livny, M. and Berriman, B. and Good, J.}, 
	journal={High Performance Computing, Networking, Storage and Analysis, 2008. SC 2008. International Conference for}, 
	title={The cost of doing science on the cloud: The Montage example}, 
	year={2008}, 
	month={nov.}, 
	volume={}, 
	number={}, 
	pages={1 -12}, 
	doi={10.1109/SC.2008.5217932}, 
	ISSN={},
}


%Commercial
@misc{rightscale,
	title = {RightScale},
	url = {http://www.rightscale.com},
	note = {(accessed August 13rd 2014)},
}
@misc{beanstalk,
	title = {Amazon Elastic Beanstalk},
	url = {https://aws.amazon.com/elasticbeanstalk/},
	note = {(accessed August 13rd 2014)},
}
@misc{cloudfoundry,
	title = {CloudFoundry},
	url = {http://cloudfoundry.org},
	note = {(accessed August 13rd 2014)},
}
@misc{azure,
	title = {Windows Azure},
	url = {http://azure.microsoft.com},
	note = {(accessed July 17th 2013)}
}

@online{googleapp,
	title = {Google App Engine},
	url = {https://developers.google.com/appengine/},
	note = {(accessed August 13rd 2014)},
}

@article{CanonJ10,
  author    = {Louis-Claude Canon and
               Emmanuel Jeannot},
  title     = {Evaluation and Optimization of the Robustness of DAG Schedules
               in Heterogeneous Environments},
  journal   = {IEEE Trans. Parallel Distrib. Syst.},
  volume    = {21},
  number    = {4},
  year      = {2010},
  pages     = {532-546},
  ee        = {http://doi.ieeecomputersociety.org/10.1109/TPDS.2009.84},
  bibsource = {DBLP, http://dblp.uni-trier.de}
}


@article{simgrid,
          hal_id = {hal-01017319},
          url = {http://hal.inria.fr/hal-01017319},
          title = {Versatile, Scalable, and Accurate Simulation of Distributed Applications and Platforms},
          author = {Casanova, Henri and Giersch, Arnaud and Legrand, Arnaud and Quinson, Martin and Suter, Fr{\'e}d{\'e}ric},
          publisher = {Elsevier},
          pages = {2899-2917},
          journal = {Journal of Parallel and Distributed Computing},
          volume = {74},
          number = {10},
          year = {2014},
          month = Jun,
          pdf = {http://hal.inria.fr/hal-01017319/PDF/simgrid3-journal.pdf},
      }
@article{VelhoSCL13,
  author    = {Pedro Velho and
               Lucas Mello Schnorr and
               Henri Casanova and
               Arnaud Legrand},
  title     = {On the validity of flow-level tcp network models for grid and cloud
               simulations},
  journal   = {{ACM} Trans. Model. Comput. Simul.},
  volume    = {23},
  number    = {4},
  pages     = {23},
  year      = {2013},
  url       = {http://doi.acm.org/10.1145/2517448},
  doi       = {10.1145/2517448},
  timestamp = {Fri, 13 Dec 2013 09:52:10 +0100},
  biburl    = {http://dblp.uni-trier.de/rec/bib/journals/tomacs/VelhoSCL13},
  bibsource = {dblp computer science bibliography, http://dblp.org}
}

@article{CalheirosNRB13,
  author    = {Rodrigo N. Calheiros and
               Marco Aur{\'{e}}lio Stelmar Netto and
               C{\'{e}}sar A. F. De Rose and
               Rajkumar Buyya},
  title     = {{EMUSIM:} an integrated emulation and simulation environment for modeling,
               evaluation, and validation of performance of Cloud computing applications},
  journal   = {Softw., Pract. Exper.},
  volume    = {43},
  number    = {5},
  pages     = {595--612},
  year      = {2013},
  url       = {http://dx.doi.org/10.1002/spe.2124},
  doi       = {10.1002/spe.2124},
  timestamp = {Fri, 12 Apr 2013 19:14:03 +0200},
  biburl    = {http://dblp.uni-trier.de/rec/bib/journals/spe/CalheirosNRB13},
  bibsource = {dblp computer science bibliography, http://dblp.org}
}


@inproceedings{KimWH15,
  author    = {In Kee Kim and
               Wei Wang and
               Marty Humphrey},
  title     = {{PICS:} {A} Public IaaS Cloud Simulator},
  booktitle = {8th {IEEE} International Conference on Cloud Computing, {CLOUD} 2015,
               New York City, NY, USA, June 27 - July 2, 2015},
  pages     = {211--220},
  year      = {2015},
  url       = {http://dx.doi.org/10.1109/CLOUD.2015.37},
  doi       = {10.1109/CLOUD.2015.37},
  timestamp = {Fri, 22 Apr 2016 19:03:57 +0200},
  biburl    = {http://dblp.uni-trier.de/rec/bib/conf/IEEEcloud/KimWH15},
  bibsource = {dblp computer science bibliography, http://dblp.org}
}
@inproceedings{PucherGWK15,
  author    = {Alexander Pucher and
               Emre Gul and
               Rich Wolski and
               Chandra Krintz},
  title     = {Using Trustworthy Simulation to Engineer Cloud Schedulers},
  booktitle = {2015 {IEEE} International Conference on Cloud Engineering, {IC2E}
               2015, Tempe, AZ, USA, March 9-13, 2015},
  pages     = {256--265},
  year      = {2015},
  url       = {http://dx.doi.org/10.1109/IC2E.2015.14},
  doi       = {10.1109/IC2E.2015.14},
  timestamp = {Fri, 03 Jun 2016 11:20:01 +0200},
  biburl    = {http://dblp.uni-trier.de/rec/bib/conf/ic2e/PucherGWK15},
  bibsource = {dblp computer science bibliography, http://dblp.org}
}



@article{CalheirosRBRB11,
  author    = {Rodrigo N. Calheiros and
               Rajiv Ranjan and
               Anton Beloglazov and
               C{\'{e}}sar A. F. De Rose and
               Rajkumar Buyya},
  title     = {CloudSim: a toolkit for modeling and simulation of cloud computing
               environments and evaluation of resource provisioning algorithms},
  journal   = {Softw., Pract. Exper.},
  volume    = {41},
  number    = {1},
  pages     = {23--50},
  year      = {2011},
  url       = {http://dx.doi.org/10.1002/spe.995},
  doi       = {10.1002/spe.995},
  timestamp = {Sat, 19 Feb 2011 17:21:04 +0100},
  biburl    = {http://dblp.uni-trier.de/rec/bib/journals/spe/CalheirosRBRB11},
  bibsource = {dblp computer science bibliography, http://dblp.org}
}
@article{KliazovichBK12,
  author    = {Dzmitry Kliazovich and
               Pascal Bouvry and
               Samee Ullah Khan},
  title     = {GreenCloud: a packet-level simulator of energy-aware cloud computing
               data centers},
  journal   = {The Journal of Supercomputing},
  volume    = {62},
  number    = {3},
  pages     = {1263--1283},
  year      = {2012},
  url       = {http://dx.doi.org/10.1007/s11227-010-0504-1},
  doi       = {10.1007/s11227-010-0504-1},
  timestamp = {Tue, 30 Oct 2012 11:19:11 +0100},
  biburl    = {http://dblp.uni-trier.de/rec/bib/journals/tjs/KliazovichBK12},
  bibsource = {dblp computer science bibliography, http://dblp.org}
}


@inproceedings{groudsim,
	author    = {Simon Ostermann and
	             Radu Prodan and
	             Thomas Fahringer},
	title     = {Dynamic Cloud provisioning for scientific Grid workflows},
	booktitle = {{GRID}},
	pages     = {97--104},
	publisher = {{IEEE} Computer Society},
	year      = {2010}
}

@article{cloudsim,
	author    = {Rodrigo N. Calheiros and
	             Rajiv Ranjan and
	             Anton Beloglazov and
	             C{\'{e}}sar A. F. De Rose and
	             Rajkumar Buyya},
	title     = {CloudSim: a toolkit for modeling and simulation of cloud computing
	             environments and evaluation of resource provisioning algorithms},
	journal   = {Softw., Pract. Exper.},
	volume    = {41},
	number    = {1},
	pages     = {23--50},
	year      = {2011},
	url       = {http://dx.doi.org/10.1002/spe.995},
}

@inproceedings{icancloud,
	author    = {Alberto Nu{\~{n}}ez and
	             Jos{\'{e}} Luis V{\'{a}}zquez{-}Poletti and
	             Agust{\'{\i}}n C. Caminero and
	             Jes{\'{u}}s Carretero and
	             Ignacio Mart{\'{\i}}n Llorente},
	title     = {Design of a New Cloud Computing Simulation Platform},
	booktitle = {{ICCSA} {(3)}},
	series    = {Lecture Notes in Computer Science},
	volume    = {6784},
	pages     = {582--593},
	publisher = {Springer},
	year      = {2011}
}



@article{greencloud,
	author    = {Dzmitry Kliazovich and
	             Pascal Bouvry and
	             Samee Ullah Khan},
	title     = {GreenCloud: a packet-level simulator of energy-aware cloud computing
	             data centers},
	journal   = {The Journal of Supercomputing},
	volume    = {62},
	number    = {3},
	pages     = {1263--1283},
	year      = {2012}
}


