@ARTICLE{montage2009,
  AUTHOR       = {Jacob, Joseph C and Katz, Daniel S and Berriman, G Bruce and Good, John C and Laity, Anastasia and Deelman, Ewa and Kesselman, Carl and Singh, Gurmeet and Su, Mei-Hui and Prince, Thomas and others},
  JOURNALTITLE = {International Journal of Computational Science and Engineering},
  NUMBER       = {2},
  PAGES        = {73--87},
  PUBLISHER    = {Inderscience},
  TITLE        = {Montage: a grid portal and software toolkit for science-grade astronomical image mosaicking},
  VOLUME       = {4},
  YEAR         = {2009},
}

@INPROCEEDINGS{GenaudG11,
  AUTHOR    = {Stéphane Genaud and Julien Gossa},
  BIBSOURCE = {DBLP, http://dblp.uni-trier.de},
  BOOKTITLE = {IEEE CLOUD'11},
  EE        = {http://doi.ieeecomputersociety.org/10.1109/CLOUD.2011.23},
  PAGES     = {1-8},
  TITLE     = {Cost-Wait Trade-Offs in Client-Side Resource Provisioning with Elastic Clouds},
  YEAR      = {2011},
}

@ARTICLE{Michon17,
  AUTHOR       = {Etienne Michon and Julien Gossa and Stéphane Genaud and Léo Unbekandt and Vincent Kherbache},
  BIBSOURCE    = {dblp computer science bibliography, http://dblp.org},
  BIBURL       = {http://dblp.uni-trier.de/rec/bib/journals/fgcs/MichonGGUK17},
  DOI          = {10.1016/j.future.2016.09.010},
  JOURNALTITLE = {Future Generation Comp. Syst.},
  PAGES        = {11--23},
  TIMESTAMP    = {Mon, 16 Jan 2017 13:54:14 +0100},
  TITLE        = {Schlouder: {A} broker for IaaS clouds},
  URL          = {http://dx.doi.org/10.1016/j.future.2016.09.010},
  VOLUME       = {69},
  YEAR         = {2017},
}

@INCOLLECTION{Lastovetsky05,
  AUTHOR    = {Lastovetsky, Alexey and Twamley, John},
  BOOKTITLE = {High Performance Computational Science and Engineering},
  PAGES     = {39--57},
  PUBLISHER = {Springer},
  TITLE     = {Towards a realistic performance model for networks of heterogeneous computers},
  YEAR      = {2005},
}

@ARTICLE{Zheng13,
  AUTHOR       = {Wei Zheng and Rizos Sakellariou},
  BIBSOURCE    = {dblp computer science bibliography, http://dblp.org},
  BIBURL       = {http://dblp.uni-trier.de/rec/bib/journals/jpdc/ZhengS13},
  DOI          = {10.1016/j.jpdc.2013.07.019},
  JOURNALTITLE = {J. Parallel Distrib. Comput.},
  NUMBER       = {12},
  PAGES        = {1673--1689},
  TIMESTAMP    = {Wed, 30 Oct 2013 20:01:29 +0100},
  TITLE        = {Stochastic {DAG} scheduling using a Monte Carlo approach},
  URL          = {http://dx.doi.org/10.1016/j.jpdc.2013.07.019},
  VOLUME       = {73},
  YEAR         = {2013},
}

@ARTICLE{Canon10,
  AUTHOR       = {Louis{-}Claude Canon and Emmanuel Jeannot},
  BIBSOURCE    = {dblp computer science bibliography, http://dblp.org},
  BIBURL       = {http://dblp.uni-trier.de/rec/bib/journals/tpds/CanonJ10},
  DOI          = {10.1109/TPDS.2009.84},
  JOURNALTITLE = {{IEEE} Trans. Parallel Distrib. Syst.},
  NUMBER       = {4},
  PAGES        = {532--546},
  TIMESTAMP    = {Fri, 04 Mar 2016 19:56:58 +0100},
  TITLE        = {Evaluation and Optimization of the Robustness of {DAG} Schedules in Heterogeneous Environments},
  URL          = {http://dx.doi.org/10.1109/TPDS.2009.84},
  VOLUME       = {21},
  YEAR         = {2010},
}

@INPROCEEDINGS{Li97,
  AUTHOR    = {Yan Alexander Li and John K. Antonio},
  BIBSOURCE = {dblp computer science bibliography, http://dblp.org},
  BIBURL    = {http://dblp.uni-trier.de/rec/bib/conf/hcw/LiA97},
  BOOKTITLE = {6th Heterogeneous Computing Workshop, {HCW} 1997, Geneva, Switzerland, April 1, 1997},
  CROSSREF  = {DBLP:conf/hcw/1997},
  DOI       = {10.1109/HCW.1997.581419},
  PAGES     = {172--184},
  TIMESTAMP = {Tue, 24 May 2016 11:24:12 +0200},
  TITLE     = {Estimating the execution time distribution for a task graph in a heterogeneous computing system},
  URL       = {http://dx.doi.org/10.1109/HCW.1997.581419},
  YEAR      = {1997},
}

@PROCEEDINGS{DBLP:conf/hcw/1997,
  BIBSOURCE = {dblp computer science bibliography, http://dblp.org},
  BIBURL    = {http://dblp.uni-trier.de/rec/bib/conf/hcw/1997},
  ISBN      = {0-8186-7879-8},
  PUBLISHER = {{IEEE} Computer Society},
  TIMESTAMP = {Tue, 24 May 2016 11:24:12 +0200},
  TITLE     = {6th Heterogeneous Computing Workshop, {HCW} 1997, Geneva, Switzerland, April 1, 1997},
  URL       = {http://ieeexplore.ieee.org/xpl/mostRecentIssue.jsp?punumber=4432},
  YEAR      = {1997},
}

@ARTICLE{Ludwig01,
  AUTHOR       = {Arfst Ludwig and Rolf H. Möhring and Frederik Stork},
  BIBSOURCE    = {dblp computer science bibliography, http://dblp.org},
  BIBURL       = {http://dblp.uni-trier.de/rec/bib/journals/anor/LudwigMS01},
  DOI          = {10.1023/A:1010945830113},
  JOURNALTITLE = {Annals {OR}},
  NUMBER       = {1-4},
  PAGES        = {49--64},
  TIMESTAMP    = {Thu, 12 Mar 2009 14:13:53 +0100},
  TITLE        = {A Computational Study on Bounding the Makespan Distribution in Stochastic Project Networks},
  URL          = {http://dx.doi.org/10.1023/A:1010945830113},
  VOLUME       = {102},
  YEAR         = {2001},
}

@ARTICLE{burt71,
  AUTHOR       = {Burt Jr, John M and Garman, Mark B},
  JOURNALTITLE = {Management Science},
  NUMBER       = {3},
  PAGES        = {207--217},
  PUBLISHER    = {INFORMS},
  TITLE        = {Conditional Monte Carlo: A simulation technique for stochastic network analysis},
  VOLUME       = {18},
  YEAR         = {1971},
}

@ARTICLE{Slyke63,
  AUTHOR       = {Richard M. van Slyke},
  ISSN         = {0030364X, 15265463},
  JOURNALTITLE = {Operations Research},
  NUMBER       = {5},
  PAGES        = {839-860},
  PUBLISHER    = {INFORMS},
  TITLE        = {Monte Carlo Methods and the PERT Problem},
  URL          = {http://www.jstor.org/stable/167918},
  VOLUME       = {11},
  YEAR         = {1963},
}

@ARTICLE{simgrid,
  AUTHOR       = {Henri Casanova and Arnaud Giersch and Arnaud Legrand and Martin Quinson and Frédéric Suter},
  BIBSOURCE    = {dblp computer science bibliography, http://dblp.org},
  BIBURL       = {http://dblp.uni-trier.de/rec/bib/journals/jpdc/CasanovaGLQS14},
  DOI          = {10.1016/j.jpdc.2014.06.008},
  JOURNALTITLE = {J. Parallel Distrib. Comput.},
  NUMBER       = {10},
  PAGES        = {2899--2917},
  TIMESTAMP    = {Wed, 30 Jul 2014 11:18:42 +0200},
  TITLE        = {Versatile, scalable, and accurate simulation of distributed applications and platforms},
  URL          = {http://dx.doi.org/10.1016/j.jpdc.2014.06.008},
  VOLUME       = {74},
  YEAR         = {2014},
}

@ARTICLE{StanisicTLVM15,
  AUTHOR       = {Luka Stanisic and Samuel Thibault and Arnaud Legrand and Brice Videau and Jean{-}François Méhaut},
  BIBSOURCE    = {dblp computer science bibliography, http://dblp.org},
  BIBURL       = {http://dblp.uni-trier.de/rec/bib/journals/concurrency/StanisicTLVM15},
  DOI          = {10.1002/cpe.3555},
  JOURNALTITLE = {Concurrency and Computation: Practice and Experience},
  NUMBER       = {16},
  PAGES        = {4075--4090},
  TIMESTAMP    = {Sat, 20 May 2017 00:25:18 +0200},
  TITLE        = {Faithful performance prediction of a dynamic task-based runtime system for heterogeneous multi-core architectures},
  URL          = {https://doi.org/10.1002/cpe.3555},
  VOLUME       = {27},
  YEAR         = {2015},
}

@ARTICLE{VelhoSCL13,
  AUTHOR       = {Pedro Velho and Lucas Mello Schnorr and Henri Casanova and Arnaud Legrand},
  BIBSOURCE    = {dblp computer science bibliography, http://dblp.org},
  BIBURL       = {http://dblp.uni-trier.de/rec/bib/journals/tomacs/VelhoSCL13},
  DOI          = {10.1145/2517448},
  JOURNALTITLE = {{ACM} Trans. Model. Comput. Simul.},
  NUMBER       = {4},
  PAGES        = {23:1--23:26},
  TIMESTAMP    = {Tue, 03 Jan 2017 13:00:14 +0100},
  TITLE        = {On the validity of flow-level tcp network models for grid and cloud simulations},
  URL          = {http://doi.acm.org/10.1145/2517448},
  VOLUME       = {23},
  YEAR         = {2013},
}

@ARTICLE{cai16,
  AUTHOR       = {Cai, Zhicheng and Li, Qianmu and Li, Xiaoping},
  JOURNALTITLE = {Journal of Grid Computing},
  PAGES        = {1--16},
  PUBLISHER    = {Springer},
  TITLE        = {ElasticSim: A Toolkit for Simulating Workflows with Cloud Resource Runtime Auto-Scaling and Stochastic Task Execution Times},
}

@ARTICLE{cloudsim,
  AUTHOR       = {Calheiros, Rodrigo N and Ranjan, Rajiv and Beloglazov, Anton and De Rose, César AF and Buyya, Rajkumar},
  JOURNALTITLE = {Software: Practice and experience},
  NUMBER       = {1},
  PAGES        = {23--50},
  PUBLISHER    = {Wiley Online Library},
  TITLE        = {CloudSim: a toolkit for modeling and simulation of cloud computing environments and evaluation of resource provisioning algorithms},
  VOLUME       = {41},
  YEAR         = {2011},
}

@ARTICLE{dodin85,
  AUTHOR       = {Dodin, Bajis},
  JOURNALTITLE = {Operations Research},
  NUMBER       = {4},
  PAGES        = {862--881},
  PUBLISHER    = {INFORMS},
  TITLE        = {Bounding the project completion time distribution in PERT networks},
  VOLUME       = {33},
  YEAR         = {1985},
}

@INPROCEEDINGS{4-MGGF13,
  AUTHOR                   = {Michon, É. and Gossa, J. and Genaud, S. and Frincu, M. and Burel, A.},
  BOOKTITLE                = {CloudCom},
  DOI                      = {10.1109/CloudCom.2013.73},
  EDITOR                   = {IEEE},
  MONTH                    = {Dec},
  TITLE                    = {Porting Grid Applications to the Cloud with Schlouder},
  URL                      = {http://icube-publis.unistra.fr/4-MGGF13},
  X-INTERNATIONAL-AUDIENCE = {Yes},
  X-LANGUAGE               = {EN},
  YEAR                     = {2013},
}

@BOOK{Press92,
  AUTHOR    = {Press, William H. and Teukolsky, Saul A. and Vetterling, William T. and Flannery, Brian P.},
  ISBN      = {0-521-43108-5},
  LOCATION  = {New York, NY, USA},
  PUBLISHER = {Cambridge University Press},
  TITLE     = {Numerical Recipes in C (2Nd Ed.): The Art of Scientific Computing},
  YEAR      = {1992},
}

@ARTICLE{Geer2004,
  AUTHOR       = {L. Y. Geer and S. P. Markey and J. A. Kowalak and L. Wagner and M. Xuand D. M. Maynard and X. Yang and W. Shi and S. H. Bryant},
  JOURNALTITLE = {J Proteome Res.},
  MONTH        = {Sep-Oct},
  NUMBER       = {5},
  PAGES        = {958--964},
  TITLE        = {Open mass spectrometry search algorithm},
  VOLUME       = {3},
  YEAR         = {2004},
}

@INPROCEEDINGS{DuongLG11,
  AUTHOR    = {Ta Nguyen Binh Duong and Xiaorong Li and Rick Siow Mong Goh},
  BIBSOURCE = {DBLP, http://dblp.uni-trier.de},
  BOOKTITLE = {CloudCom'11},
  EE        = {http://doi.ieeecomputersociety.org/10.1109/CloudCom.2011.49},
  PAGES     = {312-319},
  TITLE     = {A Framework for Dynamic Resource Provisioning and Adaptation in {I}aa{S} Clouds},
  YEAR      = {2011},
}

@ARTICLE{Vecchiola2012,
  ACMID        = {2304862},
  AUTHOR       = {Vecchiola, Christian and Calheiros, Rodrigo N. and Karunamoorthy, Dileban and Buyya, Rajkumar},
  DOI          = {10.1016/j.future.2011.05.008},
  ISSN         = {0167-739X},
  ISSUE_date   = {January, 2012},
  JOURNALTITLE = {Future Gener. Comput. Syst.},
  KEYWORDS     = {Aneka, E-Science, Hybrid cloud, QoS, Resource provisioning},
  LOCATION     = {Amsterdam, The Netherlands, The Netherlands},
  MONTH        = {01},
  NUMBER       = {1},
  NUMPAGES     = {8},
  PAGES        = {58--65},
  PUBLISHER    = {Elsevier Science Publishers B. V.},
  TITLE        = {Deadline-driven provisioning of resources for scientific applications in hybrid clouds with Aneka},
  VOLUME       = {28},
  YEAR         = {2012},
}

@INPROCEEDINGS{MarshallKF10,
  AUTHOR    = {Paul Marshall and Kate Keahey and Timothy Freeman},
  BOOKTITLE = {CCGRID'10},
  PAGES     = {43-52},
  TITLE     = {Elastic Site: Using Clouds to Elastically Extend Site Resources},
  YEAR      = {2010},
}

@INPROCEEDINGS{VillegasASI12,
  AUTHOR    = {David Villegas and Athanasios Antoniou and Seyed Masoud Sadjadi and Alexandru Iosup},
  BOOKTITLE = {CCGRID'12},
  KEYWORDS  = {Scheduling, Cloud computing, provisioning policies, allocation policies, empirical performance analysis},
  PAGES     = {612-619},
  TITLE     = {An Analysis of Provisioning and Allocation Policies for Infrastructure-as-a-Service Clouds},
  YEAR      = {2012},
}

@INPROCEEDINGS{Mao2011,
  ACMID     = {2063449},
  ADDRESS   = {New York, NY, USA},
  ARTICLENO = {49},
  AUTHOR    = {Mao, Ming and Humphrey, Marty},
  BOOKTITLE = {Proceedings of 2011 International Conference for High Performance Computing, Networking, Storage and Analysis},
  DOI       = {10.1145/2063384.2063449},
  ISBN      = {978-1-4503-0771-0},
  KEYWORDS  = {auto-scaling, cloud computing, cost-minimization},
  LOCATION  = {Seattle, Washington},
  NUMPAGES  = {12},
  PAGES     = {49:1--49:12},
  PUBLISHER = {ACM},
  SERIES    = {SC '11},
  TITLE     = {Auto-scaling to minimize cost and meet application deadlines in cloud workflows},
  YEAR      = {2011},
}

@ARTICLE{Durillo14,
  AUTHOR       = {Durillo, Juan J and Prodan, Radu},
  JOURNALTITLE = {Cluster Computing},
  NUMBER       = {2},
  PAGES        = {169--189},
  PUBLISHER    = {Springer},
  TITLE        = {Multi-objective workflow scheduling in Amazon EC2},
  VOLUME       = {17},
  YEAR         = {2014},
}

@ARTICLE{TordssonMML12,
  ACMID        = {2039639},
  AUTHOR       = {Tordsson, Johan and Montero, Rubén S. and Moreno-Vozmediano, Rafael and Llorente, Ignacio M.},
  DOI          = {10.1016/j.future.2011.07.003},
  ISSN         = {0167-739X},
  ISSUE_date   = {February, 2012},
  JOURNALTITLE = {Future Gener. Comput. Syst.},
  KEYWORDS     = {Cloud computing, Infrastructure as a Service (IaaS), Interoperability, Scheduling},
  LOCATION     = {Amsterdam, The Netherlands, The Netherlands},
  MONTH        = {02},
  NUMBER       = {2},
  NUMPAGES     = {10},
  PAGES        = {358--367},
  PUBLISHER    = {Elsevier Science Publishers B. V.},
  TITLE        = {Cloud brokering mechanisms for optimized placement of virtual machines across multiple providers},
  VOLUME       = {28},
  YEAR         = {2012},
}

@INPROCEEDINGS{Li11cost-conscious,
  AUTHOR       = {Li, Jian and Su, Sen and Cheng, Xiang and Huang, Qingjia and Zhang, Zhongbao},
  BOOKTITLE    = {High Performance Computing and Communications (HPCC), 2011 IEEE 13th International Conference on},
  ORGANIZATION = {IEEE},
  PAGES        = {808--813},
  TITLE        = {Cost-conscious scheduling for large graph processing in the cloud},
  YEAR         = {2011},
}

@INPROCEEDINGS{LinL11,
  AUTHOR    = {Cui Lin and Shiyong Lu},
  BIBSOURCE = {DBLP, http://dblp.uni-trier.de},
  BOOKTITLE = {IEEE CLOUD'11},
  EE        = {http://doi.ieeecomputersociety.org/10.1109/CLOUD.2011.110},
  KEYWORDS  = {SHEFT workflow scheduling algorithm;cloud computing;cloud environment;computing environment;scheduling scientific workflows elastically;workflow graph representation;cloud computing;graph theory;scheduling;},
  PAGES     = {746-747},
  TITLE     = {Scheduling Scientific Workflows Elastically for Cloud Computing},
  YEAR      = {2011},
}

@INPROCEEDINGS{Zhao2003,
  AUTHOR    = {Zhao, Henan and Sakellariou, Rizos},
  BOOKTITLE = {Euro-Par 2003 Parallel Processing},
  DOI       = {10.1007/978-3-540-45209-6_28},
  ISBN      = {978-3-540-40788-1},
  PAGES     = {189-194},
  PUBLISHER = {Springer},
  SERIES    = {Lecture Notes in Computer Science},
  TITLE     = {An Experimental Investigation into the Rank Function of the Heterogeneous Earliest Finish Time Scheduling Algorithm},
  VOLUME    = {2790},
  YEAR      = {2003},
}

@INPROCEEDINGS{DeelmanSLBG08,
  AUTHOR    = {Ewa Deelman and Gurmeet Singh and Miron Livny and G. Bruce Berriman and John Good},
  BIBSOURCE = {DBLP, http://dblp.uni-trier.de},
  BOOKTITLE = {SuperComputing'08},
  EE        = {http://doi.acm.org/10.1145/1413370.1413421},
  PAGES     = {50},
  TITLE     = {The cost of doing science on the cloud: the Montage example},
  YEAR      = {2008},
}

@INPROCEEDINGS{QuirozKPGS09,
  AUTHOR    = {Andres Quiroz and Hyunjoo Kim and Manish Parashar and Nathan Gnanasambandam and Naveen Sharma},
  BOOKTITLE = {Proceedings of the 10 th IEEE/ACM International Conference on Grid Computing (Grid 2009)},
  LOCATION  = {Banff, Alberta, Canada},
  PAGES     = {50 -- 57},
  TITLE     = {Towards Autonomic Workload Provisioning for Enterprise Grids and Clouds},
  YEAR      = {2009},
}

@ARTICLE{LiQMQQG12,
  AUTHOR       = {Jiayin Li and Meikang Qiu and Zhong Ming and Gang Quan and Xiao Qin and Zonghua Gu},
  JOURNALTITLE = {J. Parallel Distrib. Comput.},
  KEYWORDS     = {Preemptable scheduling},
  NUMBER       = {5},
  PAGES        = {666-677},
  TITLE        = {Online optimization for scheduling preemptable tasks on {I}aa{S} cloud systems},
  VOLUME       = {72},
  YEAR         = {2012},
}

@INPROCEEDINGS{HwangK12,
  AUTHOR    = {Eunji Hwang and Kyong Hoon Kim},
  BIBSOURCE = {DBLP, http://dblp.uni-trier.de},
  BOOKTITLE = {GRID'12},
  EE        = {http://doi.ieeecomputersociety.org/10.1109/Grid.2012.19},
  PAGES     = {130-138},
  TITLE     = {Minimizing Cost of Virtual Machines for Deadline-Constrained MapReduce Applications in the Cloud},
  YEAR      = {2012},
}

@ARTICLE{VandenBossche2013,
  AUTHOR       = {Ruben Van Den Bossche and Kurt Vanmechelen and Jan Broeckhove},
  DOI          = {10.1016/j.future.2012.12.012},
  ISSN         = {0167-739X},
  JOURNALTITLE = {Future Generation Computer Systems},
  NUMBER       = {4},
  PAGES        = {973 -- 985},
  TITLE        = {Online cost-efficient scheduling of deadline-constrained workloads on hybrid clouds},
  VOLUME       = {29},
  YEAR         = {2013},
}

@INPROCEEDINGS{Pietri15,
  AUTHOR       = {Pietri, Ilia and Sakellariou, Rizos},
  BOOKTITLE    = {International Conference on Grid Economics and Business Models},
  ORGANIZATION = {Springer},
  PAGES        = {49--64},
  TITLE        = {Cost-Efficient CPU Provisioning for Scientific Workflows on Clouds},
  YEAR         = {2015},
}

@ARTICLE{Su13,
  AUTHOR       = {Su, Sen and Li, Jian and Huang, Qingjia and Huang, Xiao and Shuang, Kai and Wang, Jie},
  JOURNALTITLE = {Parallel Computing},
  NUMBER       = {4},
  PAGES        = {177--188},
  PUBLISHER    = {Elsevier},
  TITLE        = {Cost-efficient task scheduling for executing large programs in the cloud},
  VOLUME       = {39},
  YEAR         = {2013},
}

@INPROCEEDINGS{PucherGWK15,
  AUTHOR    = {Alexander Pucher and Emre Gul and Rich Wolski and Chandra Krintz},
  BOOKTITLE = {2015 {IEEE} International Conference on Cloud Engineering, {IC2E} 2015, Tempe, AZ, USA, March 9-13, 2015},
  DOI       = {10.1109/IC2E.2015.14},
  PAGES     = {256--265},
  TIMESTAMP = {Thu, 25 May 2017 00:42:54 +0200},
  TITLE     = {Using Trustworthy Simulation to Engineer Cloud Schedulers},
  URL       = {https://doi.org/10.1109/IC2E.2015.14},
  YEAR      = {2015},
}

@ARTICLE{Tang11,
  AUTHOR       = {Xiaoyong Tang and Kenli Li and Guiping Liao and Kui Fang and Fan Wu},
  DOI          = {10.1016/j.future.2011.04.007},
  JOURNALTITLE = {Future Generation Comp. Syst.},
  NUMBER       = {8},
  PAGES        = {1083--1091},
  TITLE        = {A stochastic scheduling algorithm for precedence constrained tasks on Grid},
  URL          = {https://doi.org/10.1016/j.future.2011.04.007},
  VOLUME       = {27},
  YEAR         = {2011},
}

@ARTICLE{Cai17,
  AUTHOR       = {Zhicheng Cai and Qianmu Li and Xiaoping Li},
  BIBSOURCE    = {dblp computer science bibliography, http://dblp.org},
  BIBURL       = {http://dblp.org/rec/bib/journals/grid/CaiLL17},
  DOI          = {10.1007/s10723-016-9390-y},
  JOURNALTITLE = {J. Grid Comput.},
  NUMBER       = {2},
  PAGES        = {257--272},
  TIMESTAMP    = {Sat, 16 Sep 2017 12:05:26 +0200},
  TITLE        = {ElasticSim: {A} Toolkit for Simulating Workflows with Cloud Resource Runtime Auto-Scaling and Stochastic Task Execution Times},
  URL          = {https://doi.org/10.1007/s10723-016-9390-y},
  VOLUME       = {15},
  YEAR         = {2017},
}

@INPROCEEDINGS{groudsim,
  AUTHOR    = {Simon Ostermann and Radu Prodan and Thomas Fahringer},
  BOOKTITLE = {{GRID}},
  PAGES     = {97--104},
  PUBLISHER = {{IEEE} Computer Society},
  TITLE     = {Dynamic Cloud provisioning for scientific Grid workflows},
  YEAR      = {2010},
}

@ARTICLE{iCanCloud,
  AUTHOR       = {Alberto Nuñez and José Luis Vázquez{-}Poletti and Agustín C. Caminero and Gabriel G. Castañé and Jesús Carretero and Ignacio Martín Llorente},
  BIBSOURCE    = {dblp computer science bibliography, http://dblp.org},
  BIBURL       = {http://dblp.org/rec/bib/journals/grid/NunezVCCCL12},
  DOI          = {10.1007/s10723-012-9208-5},
  JOURNALTITLE = {J. Grid Comput.},
  NUMBER       = {1},
  PAGES        = {185--209},
  TIMESTAMP    = {Tue, 06 Jun 2017 22:25:21 +0200},
  TITLE        = {iCanCloud: {A} Flexible and Scalable Cloud Infrastructure Simulator},
  URL          = {https://doi.org/10.1007/s10723-012-9208-5},
  VOLUME       = {10},
  YEAR         = {2012},
}

@INPROCEEDINGS{icancloud-art,
  AUTHOR    = {Alberto Nuñez and José Luis Vázquez{-}Poletti and Agustín C. Caminero and Jesús Carretero and Ignacio Martín Llorente},
  BOOKTITLE = {{ICCSA} {(3)}},
  PAGES     = {582--593},
  PUBLISHER = {Springer},
  SERIES    = {Lecture Notes in Computer Science},
  TITLE     = {Design of a New Cloud Computing Simulation Platform},
  VOLUME    = {6784},
  YEAR      = {2011},
}

@ARTICLE{greencloud,
  AUTHOR       = {Dzmitry Kliazovich and Pascal Bouvry and Samee Ullah Khan},
  JOURNALTITLE = {The Journal of Supercomputing},
  NUMBER       = {3},
  PAGES        = {1263--1283},
  TITLE        = {GreenCloud: a packet-level simulator of energy-aware cloud computing data centers},
  VOLUME       = {62},
  YEAR         = {2012},
}

@INPROCEEDINGS{MDCSim,
  AUTHOR    = {Seung{-}Hwan Lim and Bikash Sharma and Gunwoo Nam and Eun{-}Kyoung Kim and Chita R. Das},
  BIBSOURCE = {dblp computer science bibliography, http://dblp.org},
  BIBURL    = {http://dblp.org/rec/bib/conf/cluster/LimSNKD09},
  BOOKTITLE = {Proceedings of the 2009 {IEEE} International Conference on Cluster Computing, August 31 - September 4, 2009, New Orleans, Louisiana, {USA}},
  CROSSREF  = {DBLP:conf/cluster/2009},
  DOI       = {10.1109/CLUSTR.2009.5289159},
  PAGES     = {1--9},
  TIMESTAMP = {Sun, 21 May 2017 00:22:00 +0200},
  TITLE     = {MDCSim: {A} multi-tier data center simulation, platform},
  URL       = {https://doi.org/10.1109/CLUSTR.2009.5289159},
  YEAR      = {2009},
}

@PROCEEDINGS{DBLP:conf/cluster/2009,
  BIBSOURCE = {dblp computer science bibliography, http://dblp.org},
  BIBURL    = {http://dblp.org/rec/bib/conf/cluster/2009},
  ISBN      = {978-1-4244-5012-1},
  PUBLISHER = {{IEEE} Computer Society},
  TIMESTAMP = {Fri, 24 Oct 2014 13:41:23 +0200},
  TITLE     = {Proceedings of the 2009 {IEEE} International Conference on Cluster Computing, August 31 - September 4, 2009, New Orleans, Louisiana, {USA}},
  URL       = {http://ieeexplore.ieee.org/xpl/mostRecentIssue.jsp?punumber=5281774},
  YEAR      = {2009},
}

@INPROCEEDINGS{pics,
  AUTHOR    = {In Kee Kim and Wei Wang and Marty Humphrey},
  BIBSOURCE = {dblp computer science bibliography, http://dblp.org},
  BIBURL    = {http://dblp.org/rec/bib/conf/IEEEcloud/KimWH15},
  BOOKTITLE = {8th {IEEE} International Conference on Cloud Computing, {CLOUD} 2015, New York City, NY, USA, June 27 - July 2, 2015},
  CROSSREF  = {DBLP:conf/IEEEcloud/2015},
  DOI       = {10.1109/CLOUD.2015.37},
  PAGES     = {211--220},
  TIMESTAMP = {Wed, 17 May 2017 14:24:56 +0200},
  TITLE     = {{PICS:} {A} Public IaaS Cloud Simulator},
  URL       = {https://doi.org/10.1109/CLOUD.2015.37},
  YEAR      = {2015},
}

@PROCEEDINGS{DBLP:conf/IEEEcloud/2015,
  BIBSOURCE = {dblp computer science bibliography, http://dblp.org},
  BIBURL    = {http://dblp.org/rec/bib/conf/IEEEcloud/2015},
  EDITOR    = {Calton Pu and Ajay Mohindra},
  ISBN      = {978-1-4673-7287-9},
  PUBLISHER = {{IEEE} Computer Society},
  TIMESTAMP = {Thu, 22 Dec 2016 15:09:47 +0100},
  TITLE     = {8th {IEEE} International Conference on Cloud Computing, {CLOUD} 2015, New York City, NY, USA, June 27 - July 2, 2015},
  URL       = {http://ieeexplore.ieee.org/xpl/mostRecentIssue.jsp?punumber=7194474},
  YEAR      = {2015},
}

@ARTICLE{MehrotraDHHJLSB16,
  AUTHOR       = {Piyush Mehrotra and M. Jahed Djomehri and Steve Heistand and Robert Hood and Haoqiang Jin and Arthur Lazanoff and Subhash Saini and Rupak Biswas},
  BIBSOURCE    = {dblp computer science bibliography, http://dblp.org},
  BIBURL       = {http://dblp.org/rec/bib/journals/concurrency/MehrotraDHHJLSB16},
  DOI          = {10.1002/cpe.3029},
  JOURNALTITLE = {Concurrency and Computation: Practice and Experience},
  NUMBER       = {4},
  PAGES        = {1041--1055},
  TIMESTAMP    = {Sat, 20 May 2017 00:25:17 +0200},
  TITLE        = {Performance evaluation of Amazon Elastic Compute Cloud for {NASA} high-performance computing applications},
  URL          = {https://doi.org/10.1002/cpe.3029},
  VOLUME       = {28},
  YEAR         = {2016},
}

@ARTICLE{LeitnerC16,
  AUTHOR       = {Philipp Leitner and Jürgen Cito},
  BIBSOURCE    = {dblp computer science bibliography, http://dblp.org},
  BIBURL       = {http://dblp.org/rec/bib/journals/toit/LeitnerC16},
  DOI          = {10.1145/2885497},
  JOURNALTITLE = {{ACM} Trans. Internet Techn.},
  NUMBER       = {3},
  PAGES        = {15:1--15:23},
  TIMESTAMP    = {Tue, 03 Jan 2017 12:47:38 +0100},
  TITLE        = {Patterns in the Chaos - {A} Study of Performance Variation and Predictability in Public IaaS Clouds},
  URL          = {http://doi.acm.org/10.1145/2885497},
  VOLUME       = {16},
  YEAR         = {2016},
}

