@article{Michon17,
	author    = {Etienne Michon and
	             Julien Gossa and
	             St{\'{e}}phane Genaud and
	             L{\'{e}}o Unbekandt and
	             Vincent Kherbache},
	title     = {Schlouder: {A} broker for IaaS clouds},
	journal   = {Future Generation Comp. Syst.},
	volume    = {69},
	pages     = {11--23},
	year      = {2017},
	url       = {http://dx.doi.org/10.1016/j.future.2016.09.010},
	doi       = {10.1016/j.future.2016.09.010},
	timestamp = {Mon, 16 Jan 2017 13:54:14 +0100},
	biburl    = {http://dblp.uni-trier.de/rec/bib/journals/fgcs/MichonGGUK17},
	bibsource = {dblp computer science bibliography, http://dblp.org}
}

@incollection{Lastovetsky05,
  title={Towards a realistic performance model for networks of heterogeneous computers},
  author={Lastovetsky, Alexey and Twamley, John},
  booktitle={High Performance Computational Science and Engineering},
  pages={39--57},
  year={2005},
  publisher={Springer}
}

@article{Zheng13,
	author    = {Wei Zheng and
	             Rizos Sakellariou},
	title     = {Stochastic {DAG} scheduling using a Monte Carlo approach},
	journal   = {J. Parallel Distrib. Comput.},
	volume    = {73},
	number    = {12},
	pages     = {1673--1689},
	year      = {2013},
	url       = {http://dx.doi.org/10.1016/j.jpdc.2013.07.019},
	doi       = {10.1016/j.jpdc.2013.07.019},
	timestamp = {Wed, 30 Oct 2013 20:01:29 +0100},
	biburl    = {http://dblp.uni-trier.de/rec/bib/journals/jpdc/ZhengS13},
	bibsource = {dblp computer science bibliography, http://dblp.org}
}

@article{Canon10,
  author    = {Louis{-}Claude Canon and
               Emmanuel Jeannot},
  title     = {Evaluation and Optimization of the Robustness of {DAG} Schedules in
               Heterogeneous Environments},
  journal   = {{IEEE} Trans. Parallel Distrib. Syst.},
  volume    = {21},
  number    = {4},
  pages     = {532--546},
  year      = {2010},
  url       = {http://dx.doi.org/10.1109/TPDS.2009.84},
  doi       = {10.1109/TPDS.2009.84},
  timestamp = {Fri, 04 Mar 2016 19:56:58 +0100},
  biburl    = {http://dblp.uni-trier.de/rec/bib/journals/tpds/CanonJ10},
  bibsource = {dblp computer science bibliography, http://dblp.org}
}

@inproceedings{Li97,
  author    = {Yan Alexander Li and
               John K. Antonio},
  title     = {Estimating the execution time distribution for a task graph in a heterogeneous
               computing system},
  booktitle = {6th Heterogeneous Computing Workshop, {HCW} 1997, Geneva, Switzerland,
               April 1, 1997},
  pages     = {172--184},
  year      = {1997},
  crossref  = {DBLP:conf/hcw/1997},
  url       = {http://dx.doi.org/10.1109/HCW.1997.581419},
  doi       = {10.1109/HCW.1997.581419},
  timestamp = {Tue, 24 May 2016 11:24:12 +0200},
  biburl    = {http://dblp.uni-trier.de/rec/bib/conf/hcw/LiA97},
  bibsource = {dblp computer science bibliography, http://dblp.org}
}

@proceedings{DBLP:conf/hcw/1997,
  title     = {6th Heterogeneous Computing Workshop, {HCW} 1997, Geneva, Switzerland,
               April 1, 1997},
  publisher = {{IEEE} Computer Society},
  year      = {1997},
  url       = {http://ieeexplore.ieee.org/xpl/mostRecentIssue.jsp?punumber=4432},
  isbn      = {0-8186-7879-8},
  timestamp = {Tue, 24 May 2016 11:24:12 +0200},
  biburl    = {http://dblp.uni-trier.de/rec/bib/conf/hcw/1997},
  bibsource = {dblp computer science bibliography, http://dblp.org}
}

@article{Ludwig01,
  author    = {Arfst Ludwig and
               Rolf H. M{\"{o}}hring and
               Frederik Stork},
  title     = {A Computational Study on Bounding the Makespan Distribution in Stochastic
               Project Networks},
  journal   = {Annals {OR}},
  volume    = {102},
  number    = {1-4},
  pages     = {49--64},
  year      = {2001},
  url       = {http://dx.doi.org/10.1023/A:1010945830113},
  doi       = {10.1023/A:1010945830113},
  timestamp = {Thu, 12 Mar 2009 14:13:53 +0100},
  biburl    = {http://dblp.uni-trier.de/rec/bib/journals/anor/LudwigMS01},
  bibsource = {dblp computer science bibliography, http://dblp.org}
}

@article{burt71,
	title={Conditional Monte Carlo: A simulation technique for stochastic network analysis},
	author={Burt Jr, John M and Garman, Mark B},
	journal={Management Science},
	volume={18},
	number={3},
	pages={207--217},
	year={1971},
	publisher={INFORMS}
}

@article{beenhakker63,
	title={MONTE CARLO METHODS AND THE PERT PROBLEM},
	author={Beenhakker, Henri L},
	journal={Operations Research},
	volume={11},
	number={5},
	pages={839--860},
	year={1963},
	publisher={JSTOR}
}

@article{simgrid,
  author    = {Henri Casanova and
               Arnaud Giersch and
               Arnaud Legrand and
               Martin Quinson and
               Fr{\'{e}}d{\'{e}}ric Suter},
  title     = {Versatile, scalable, and accurate simulation of distributed applications
               and platforms},
  journal   = {J. Parallel Distrib. Comput.},
  volume    = {74},
  number    = {10},
  pages     = {2899--2917},
  year      = {2014},
  url       = {http://dx.doi.org/10.1016/j.jpdc.2014.06.008},
  doi       = {10.1016/j.jpdc.2014.06.008},
  timestamp = {Wed, 30 Jul 2014 11:18:42 +0200},
  biburl    = {http://dblp.uni-trier.de/rec/bib/journals/jpdc/CasanovaGLQS14},
  bibsource = {dblp computer science bibliography, http://dblp.org}
}

@article{cai16,
	title={ElasticSim: A Toolkit for Simulating Workflows with Cloud Resource Runtime Auto-Scaling and Stochastic Task Execution Times},
	author={Cai, Zhicheng and Li, Qianmu and Li, Xiaoping},
	journal={Journal of Grid Computing},
	pages={1--16},
	publisher={Springer}
}

@article{cloudsim,
	title={CloudSim: a toolkit for modeling and simulation of cloud computing environments and evaluation of resource provisioning algorithms},
	author={Calheiros, Rodrigo N and Ranjan, Rajiv and Beloglazov, Anton and De Rose, C{\'e}sar AF and Buyya, Rajkumar},
	journal={Software: Practice and experience},
	volume={41},
	number={1},
	pages={23--50},
	year={2011},
	publisher={Wiley Online Library}
}


@article{dodin85,
	title={Bounding the project completion time distribution in PERT networks},
	author={Dodin, Bajis},
	journal={Operations Research},
	volume={33},
	number={4},
	pages={862--881},
	year={1985},
	publisher={INFORMS}
}

